% This file was created with Citavi 6.7.0.0

@misc{.03.03.2022,
 year = {03.03.2022},
 title = {Shiny},
 url = {https://shiny.rstudio.com/},
 urldate = {2022-03-12},
 abstract = {}
}


@online{.03.03.2022b,
 year = {03.03.2022},
 title = {Shiny},
 url = {https://shiny.rstudio.com/},
 urldate = {2022-03-12},
 abstract = {}
}


@online{.09.03.2022,
 year = {09.03.2022},
 title = {LaTeX - A document preparation system},
 url = {https://www.latex-project.org/},
 urldate = {2022-03-12},
 abstract = {LaTeX is a high-quality typesetting system; it includes features designed for the production of technical and scientific documentation.}
}


@online{.11.11.2019,
 year = {11.11.2019},
 title = {JUNIORMED},
 url = {http://www.juniormed.at/index2.html},
 urldate = {2022-03-22},
 abstract = {}
}


@online{.2014,
 year = {2014},
 title = {Erstattungskodex},
 url = {https://www.sozialversicherung.at/cdscontent/?contentid=10007.844503&portal=svportal},
 urldate = {2022-03-22},
 abstract = {}
}


@online{.22.03.2022,
 year = {22.03.2022},
 title = {Antibiotika-Dosierungsrechner},
 url = {https://www.antibiotikarechner.at/},
 urldate = {2022-03-22},
 abstract = {}
}


@online{.22.03.2022b,
 year = {22.03.2022},
 title = {Downloads: Caesar {\&} Loretz GmbH},
 url = {https://www.caelo.de/apotheken_downloads.html},
 urldate = {2022-03-22},
 abstract = {}
}


@online{.22.03.2022c,
 year = {22.03.2022},
 title = {DAC/NRF: Rezepturenfinder},
 url = {https://dacnrf.pharmazeutische-zeitung.de/index.php?id=19},
 urldate = {2022-03-22},
 abstract = {},
 language = {de}
}


@online{.22.03.2022d,
 year = {22.03.2022},
 title = {Rocker Project},
 url = {https://www.rocker-project.org/},
 urldate = {2022-03-22},
 abstract = {}
}


@online{.25.03.2022,
 year = {25.03.2022},
 title = {Willkommen bei LaTeX@TU Graz! [LaTeX@TU Graz]},
 url = {https://latex.tugraz.at/},
 urldate = {2022-03-25},
 abstract = {}
}


@online{.25.03.2022b,
 year = {25.03.2022},
 title = {Österreichische Apothekerkammer: ApoCIRS-Formular},
 url = {https://www.apothekerkammer.at/demo-cirs-form},
 urldate = {2022-03-25},
 abstract = {}
}


@online{.26.10.2021,
 year = {26.10.2021},
 title = {Citavi 6: Handbuch},
 url = {https://www1.citavi.com/sub/manual6/de/index.html?101_creating_a_publication_with_latex.html},
 urldate = {2022-03-25},
 abstract = {}
}


@article{Blischak.2016,
 author = {Blischak, John D. and Davenport, Emily R. and Wilson, Greg},
 year = {2016},
 title = {A Quick Introduction to Version Control with Git and GitHub},
 pages = {e1004668},
 pagination = {page},
 volume = {12},
 journaltitle = {PLoS computational biology},
 language = {eng},
 doi = {10.1371/journal.pcbi.1004668},
 number = {1},
 abstract = {},
 file = {https://www.ncbi.nlm.nih.gov/pmc/articles/PMC4718703},
 file = {Blischak, Davenport et al. 2016 - A Quick Introduction to Version:C\:\\Users\\user\\Documents\\Citavi 6\\Projects\\Masterarbeit\\Citavi Attachments\\Blischak, Davenport et al. 2016 - A Quick Introduction to Version.pdf:pdf},
 note = {Journal Article
Research Support, N.I.H., Extramural
Journal Article
Research Support, N.I.H., Extramural},
 eprint = {26785377}
}


@online{DAZ.online.2015,
 author = {DAZ.online},
 year = {2015},
 title = {Trotz aller Sorgfalt},
 url = {https://www.deutsche-apotheker-zeitung.de/daz-az/2015/daz-22-2015/trotz-aller-sorgfalt},
 urldate = {2022-03-25},
 abstract = {Trotz aller Sorgfalt kann es bei der Herstellung von Rezepturen zu Fehlern kommen. Der Arbeitskreis Klinische Toxikologie der GTFCh berichtet im ­Folgenden von Fällen, bei denen in Apotheken Rezepturen fehlerhaft hergestellt worden waren oder die abzugebenden Substanzen verwechselt worden waren.},
 organization = {DAZ.online}
}


@online{Docker.18.03.2022,
 author = {Docker},
 year = {18.03.2022},
 title = {What is a Container? - Docker},
 url = {https://www.docker.com/resources/what-container/},
 urldate = {2022-03-22},
 abstract = {}
}


@online{DockerDocumentation.22.03.2022,
 author = {{Docker Documentation}},
 year = {22.03.2022},
 title = {Glossary},
 url = {https://docs.docker.com/glossary/?term=image},
 urldate = {2022-03-22},
 abstract = {Glossary of terms used around Docker}
}


@thesis{Holzer.2019,
 author = {Holzer, Veronika Maria Dorothea},
 year = {2019},
 title = {GMP-Aspekte in der öffentlichen Apotheke im Hinblick auf die Herstellung magistraler Rezepturen},
 abstract = {Good Manufacturing Practice (GMP) is an essential element for producing high quality medicinal products and a requirement to obtain a marketing authorisation in the European Union. However, GMP is not a requirement for any kind of pharmacy compounding of medicinal products in retail pharmacies in Austria. Since GMP is a way of ensuring the integrity and quality of a product, certain aspects of GMP are also desirable for production in pharmacies. Therefore, the aim of this thesis was to identify which of the various GMP-concepts are already part of the current legislation and to find possible discrepancies.

The in-depth analysis of the pharmacy-related Austrian law confirmed that many of the essential GMP-fundamentals are already part of the legislation. Some parts however, are not in accordance with EU-GMP, most notably the production area. Even though Austrian legislation already calls for the highest possible quality standards of pharmaceutical and medicinal products, there is a lack of practical guidance to fulfil these requirements. To promote higher quality standards specific guidelines are necessary to ensure high quality and quality assurance. In order to develop such guidelines it is of the utmost importance to include patients' needs, doctors' requests and pharmacies' feasibility.



Good Manufacturing Practice (GMP) ist ein wesentliches Element in der qualitativ hochwertigen Arzneimittelproduktion und verpflichtend für Arzneimittel, die in der Europäischen Union vermarktet werden sollen. GMP gilt jedoch nicht für die Herstellung von Arzneimitteln in öffentlichen Apotheken in Österreich, weder für offizinale noch magistrale Anfertigungen. Da GMP ein Instrument zum Nachweis der Integrität und Qualität des hergestellten Produktes ist, wäre es durchaus wünschenswert GMP auf die eine oder andere Art in Apotheken einzuführen. Ziel der vorliegenden Arbeit ist es daher, zu erarbeiten, welche GMP-Thematik schon gesetzlich verankert ist, wo möglicherweise Unterschiede bestehen und wo noch keinerlei rechtliche Vorschriften vorhanden sind.

Die genaue Untersuchung der apothekenrelevanten, österreichischen Gesetze zeigte, dass viele wesentliche Bestandteile im Hinblick auf die Qualität der herzustellenden Produkte bereits gesetzlich festgelegt sind. In einigen Punkten, wie zum Beispiel der Raumaufteilung, unterscheidet sich jedoch die österreichische Legislatur von den Anforderungen durch GMP. Während die gesetzlichen Gegebenheiten bereits höchstmögliche Ansprüche an die Produkte stellen, fehlt es noch an konkreten, praktischen Umsetzungsmöglichkeiten. Um den Qualitätsstandard der magistralen Herstellungen in der Apotheke zu verbessern, sind daher spezifische Leitlinien im Hinblick auf die Qualitätssicherung nötig. Dazu sollte jedoch nicht außer Acht gelassen werden, was von den Patienten benötigt, von Ärzten gewünscht und in Apotheken möglich ist.},
 institution = {(:none)},
 language = {de},
 url = {10.25365/THESIS.57660}
}


@online{Home.22.03.2022,
 author = {Home},
 year = {22.03.2022},
 title = {Hurra, hurra, die neuen Rezepturrechner sind da!},
 url = {https://www.ptaheute.de/aktuelles/2021/08/05/hurra-hurra-die-neuen-rezepturrechner-sind-da},
 urldate = {2022-03-22},
 abstract = {}
}


@online{Ichthyol.22.03.2022,
 author = {Ichthyol},
 year = {22.03.2022},
 title = {Medizinische Fachkreise},
 url = {https://www.ichthyol.de/de/medizinische-fachkreise/},
 urldate = {2022-03-22},
 abstract = {{\textquotedbl}><link rel=}
}


@online{IONOSDigitalguide.22.03.2022,
 author = {{IONOS Digitalguide}},
 year = {22.03.2022},
 title = {Docker-Image},
 url = {https://www.ionos.at/digitalguide/server/knowhow/docker-image/},
 urldate = {2022-03-22},
 abstract = {Die Begriffe Docker-Image und Docker-Container sorgen oft für Verwirrung. Denn die Konzepte stehen in einem ähnlichen Zusammenhang wie Henne und Ei: Welches war zuerst da?}
}


@online{Wickham.22.03.2022,
 author = {Wickham, Hadley},
 year = {22.03.2022},
 title = {Preface | Mastering Shiny},
 url = {https://mastering-shiny.org/preface.html},
 urldate = {2022-03-22},
 abstract = {0.1 What is Shiny? If you’ve never used Shiny before, welcome! Shiny is an R package that allows you to easily create rich, interactive web apps. Shiny allows you to take your work in R and expose...}
}


@online{Wikipedia.2022,
 editor = {Wikipedia},
 year = {2022},
 title = {Citavi},
 url = {https://de.wikipedia.org/w/index.php?title=Citavi&oldid=220783020},
 urldate = {2022-03-12},
 abstract = {Citavi ist ein Programm zur Literaturverwaltung und Wissensorganisation für Microsoft Windows. Es wird an Universitäten und Hochschulen zum Schreiben von Hausarbeiten und Abschlussarbeiten eingesetzt, von Forschern beim Verfassen von wissenschaftlichen Publikationen, und in Firmen bei der Abfassung von Berichten und zur Wissensorganisation im Team. Citavi wird von der Firma Swiss Academic Software mit Sitz in Wädenswil bei Zürich entwickelt. Es basiert auf der Software-Plattform .NET.

Im Februar 2021 wurde Citavi von der US-amerikanischen Software-Firma QSR International übernommen.},
 file = {Wikipedia (Hg.) 2022 - Citavi:C\:\\Users\\user\\Documents\\Citavi 6\\Projects\\Masterarbeit\\Citavi Attachments\\Wikipedia (Hg.) 2022 - Citavi.pdf:pdf},
 note = {Creative Commons Attribution-ShareAlike License
Page Version ID: 220783020},
 language = {de}
}


@online{Wikipedia.2022b,
 editor = {Wikipedia},
 year = {2022},
 title = {Citavi},
 url = {https://de.wikipedia.org/w/index.php?title=Citavi&oldid=221042516},
 urldate = {2022-03-22},
 abstract = {Citavi ist ein Programm zur Literaturverwaltung und Wissensorganisation für Microsoft Windows. Es wird an Universitäten und Hochschulen zum Schreiben von Hausarbeiten und Abschlussarbeiten eingesetzt, von Forschern beim Verfassen von wissenschaftlichen Publikationen, und in Firmen bei der Abfassung von Berichten und zur Wissensorganisation im Team. Citavi wird von der Firma Swiss Academic Software mit Sitz in Wädenswil bei Zürich entwickelt. Es basiert auf der Software-Plattform .NET.

Im Februar 2021 wurde Citavi von der US-amerikanischen Software-Firma QSR International übernommen.},
 file = {Wikipedia (Hg.) 2022 - Citavi (2):C\:\\Users\\user\\Documents\\Citavi 6\\Projects\\Masterarbeit\\Citavi Attachments\\Wikipedia (Hg.) 2022 - Citavi (2).pdf:pdf},
 note = {Creative Commons Attribution-ShareAlike License
Page Version ID: 221042516},
 language = {de}
}


@online{Wikipedia.2022c,
 editor = {Wikipedia},
 year = {2022},
 title = {LaTeX},
 url = {https://de.wikipedia.org/w/index.php?title=LaTeX&oldid=220398511},
 urldate = {2022-03-12},
 abstract = {LaTeX ( [ˈlaːtɛç] ), in Eigenschreibweise 









L

















A























T









E









X







{\displaystyle \mathrm {L\!\!{\^{}}{{}{\_}{A}}\!\!\!\!\!\;\;T\!{\_}{\displaystyle E}\!X} }

, ist ein Softwarepaket, das die Benutzung des Textsatzsystems TeX mit Hilfe von Makros vereinfacht. LaTeX wurde Anfang der 1980er Jahre von Leslie Lamport entwickelt. Der Name bedeutet so viel wie Lamport TeX. Die Entwicklung wurde seit den 1990er Jahren von einer Anzahl Entwicklern weitergeführt. Heute ist LaTeX die populärste Methode, TeX zu verwenden.Das Softwarepaket liegt mit Stand vom April 2020 in der Version LaTeX2ε vor.},
 file = {Wikipedia (Hg.) 2022 - LaTeX:C\:\\Users\\user\\Documents\\Citavi 6\\Projects\\Masterarbeit\\Citavi Attachments\\Wikipedia (Hg.) 2022 - LaTeX.pdf:pdf},
 note = {Creative Commons Attribution-ShareAlike License
Page Version ID: 220398511},
 language = {de}
}


